<?xml version="1.0" encoding="UTF-8"?><collection xmlns="http://www.loc.gov/MARC21/slim"><record><leader>00476nam--2200169-u-4500</leader><controlfield tag="001">000054362</controlfield><controlfield tag="002">20161230</controlfield><controlfield tag="005">20161230201051</controlfield><controlfield tag="008">111128s1000------------r-----000-0-eng-d</controlfield><datafield ind1=" " ind2=" " tag="040"><subfield code="a">IFIN-HH</subfield></datafield><datafield ind1=" " ind2=" " tag="080"><subfield code="a">539.126.334</subfield></datafield><datafield ind1="1" ind2=" " tag="100"><subfield code="a">Gurevici, I.I</subfield></datafield><datafield ind1="1" ind2="0" tag="245"><subfield code="a">Eksperomentali pofizike polojitelnih myu o nov</subfield><subfield code="b">Obzor</subfield><subfield code="c">I.i. gurevici, b.a. nikolskii</subfield></datafield><datafield ind1=" " ind2=" " tag="260"><subfield code="a">Moskva</subfield><subfield code="b">Institut Atomnoi Energii</subfield><subfield code="c">1976</subfield></datafield><datafield ind1=" " ind2=" " tag="300"><subfield code="a">118P</subfield></datafield><datafield ind1=" " ind2=" " tag="852"><subfield code="a">44438</subfield><subfield code="c">539.12</subfield></datafield><datafield ind1=" " ind2=" " tag="CAT"><subfield code="a">Sys</subfield><subfield code="c">20111128</subfield><subfield code="h">084833</subfield></datafield></record></collection>